@article{rudyanto2014comparing,
  title={Comparing algorithms for automated vessel segmentation in computed tomography scans of the lung: the VESSEL12 study},
  author={Rudyanto, Rina D and Kerkstra and others},
  journal={Medical image analysis},
  volume={18},
  number={7},
  pages={1217--1232},
  year={2014},
  publisher={Elsevier}
}

@misc{yang2017data,
  title={Data from lung CT segmentation challenge. The cancer imaging archive},
  author={Yang, JS and others},
  year={2017},
  publisher={ed}
}

@article{adams1994seeded,
  title={Seeded region growing},
  author={Adams, Rolf and Bischof, Leanne},
  journal={IEEE Transactions on pattern analysis and machine intelligence},
  volume={16},
  number={6},
  pages={641--647},
  year={1994},
  publisher={IEEE}
}

@article{kass1988snakes,
  title={Snakes: Active contour models},
  author={Kass, Michael and Witkin, Andrew and Terzopoulos, Demetri},
  journal={International journal of computer vision},
  volume={1},
  number={4},
  pages={321--331},
  year={1988},
  publisher={Springer}
}

@incollection{canny1987computational,
  title={A computational approach to edge detection},
  author={Canny, John},
  booktitle={Readings in computer vision},
  pages={184--203},
  year={1987},
  publisher={Elsevier}
}

@inproceedings{ronneberger2015u,
  title={U-net: Convolutional networks for biomedical image segmentation},
  author={Ronneberger, Olaf and Fischer, Philipp and Brox, Thomas},
  booktitle={International Conference on Medical image computing and computer-assisted intervention},
  pages={234--241},
  year={2015},
  organization={Springer}
}

@article{li2018h,
  title={H-DenseUNet: hybrid densely connected UNet for liver and tumor segmentation from CT volumes},
  author={Li, Xiaomeng and Chen, Hao and Qi, Xiaojuan and Dou, Qi and Fu, Chi-Wing and Heng, Pheng-Ann},
  journal={IEEE transactions on medical imaging},
  volume={37},
  number={12},
  pages={2663--2674},
  year={2018},
  publisher={IEEE}
}

@inproceedings{cciccek20163d,
  title={3D U-Net: learning dense volumetric segmentation from sparse annotation},
  author={{\c{C}}i{\c{c}}ek, {\"O}zg{\"u}n and Abdulkadir, Ahmed and Lienkamp, Soeren S and Brox, Thomas and Ronneberger, Olaf},
  booktitle={International conference on medical image computing and computer-assisted intervention},
  pages={424--432},
  year={2016},
  organization={Springer}
}

@inproceedings{alves2018extracting,
  title={Extracting Lungs from CT Images using Fully Convolutional Networks},
  author={Alves, Jeovane H and Neto, Pedro M Moreira and Oliveira, Lucas F},
  booktitle={2018 International Joint Conference on Neural Networks (IJCNN)},
  pages={1--8},
  year={2018},
  organization={IEEE}
}


@article{soliman2016accurate,
  title={Accurate lungs segmentation on CT chest images by adaptive appearance-guided shape modeling},
  author={Soliman, Ahmed and Khalifa, Fahmi and Elnakib, Ahmed and El-Ghar, Mohamed Abou and Dunlap, Neal and Wang, Brian and Gimelâ€™farb, Georgy and Keynton, Robert and El-Baz, Ayman},
  journal={IEEE transactions on medical imaging},
  volume={36},
  number={1},
  pages={263--276},
  year={2016},
  publisher={IEEE}
}

@article{balakrishnan2019tmi,
	title={VoxelMorph: A Learning Framework for Deformable Medical Image Registration},
	author={Balakrishnan, Guha and Zhao, Amy and Sabuncu, Mert and Guttag, John and \textbf{Adrian V. Dalca}*},
	journal={IEEE TMI: Transactions on Medical Imaging},
    	organization={IEEE},
	year={2019}
}

@article{balakrishnan2018reg,
	title={An Unsupervised Learning Model for Deformable Medical Image Registration},
	author={Balakrishnan, Guha and Zhao, Amy and Sabuncu, Mert and Guttag, John and \textbf{Adrian V. Dalca}*},
	journal={CVPR: Computer Vision and Pattern Recognition},
    pages={9252-9260},
	year={2018}
}

@inproceedings{zhao2019data,
  title={Data augmentation using learned transformations for one-shot medical image segmentation},
  author={Zhao, Amy and Balakrishnan, Guha and Durand, Fredo and Guttag, John V and Dalca, Adrian V},
  booktitle={Proceedings of the IEEE Conference on Computer Vision and Pattern Recognition},
  pages={8543--8553},
  year={2019}
}

@article{dalca2019unsupervised,
  title={Unsupervised deep learning for Bayesian brain MRI segmentation},
  author={Dalca, Adrian V and Yu, Evan and Golland, Polina and Fischl, Bruce and Sabuncu, Mert R and Iglesias, Juan Eugenio},
  journal={arXiv preprint arXiv:1904.11319},
  year={2019}
}

@inproceedings{hauberg2016dreaming,
  title={Dreaming more data: Class-dependent distributions over diffeomorphisms for learned data augmentation},
  author={Hauberg, S{\o}ren and Freifeld, Oren and Larsen, Anders Boesen Lindbo and Fisher, John and Hansen, Lars},
  booktitle={Artificial Intelligence and Statistics},
  pages={342--350},
  year={2016}
}
@article{learned2005data,
  title={Data driven image models through continuous joint alignment},
  author={Learned-Miller, Erik G},
  journal={IEEE Transactions on Pattern Analysis and Machine Intelligence},
  volume={28},
  number={2},
  pages={236--250},
  year={2005},
  publisher={IEEE}
}

@article{dice1945measures,
title={Measures of the Amount of Ecologic Association Between Species},
author={Dice, Lee R},
journal={Ecology},
volume={26},
number={3},
pages={297--302},
year={1945}}
    
@article{miller2000learning,
title={Learning from one example through shared densities on transforms},
author={Miller, Erik G and Matsakis, Nicholas E and Viola, Paul A},
volume={1},
pages={464--471},
year={2000}}
    
@article{jaderberg2015spatial,
title={Spatial Transformer Networks},
author={Jaderberg, Max and Simonyan, Karen and Zisserman, Andrew and Kavukcuoglu, Koray},
journal={arXiv: Computer Vision and Pattern Recognition},
year={2015}}
    