@article{Franquet2001Imaging,
  title={Imaging of pneumonia: trends and algorithms},
  author={Franquet T},
  journal={European Respiratory Journal},
  volume={18},
  number={1},
  pages={196-208},
  year={2001},
}

@article{Thomas2005Standardized,
title={Standardized interpretation of paediatric chest radiographs for the diagnosis of pneumonia in epidemiological studies},
author={Cherian, Thomas and Mulholland, E Kim and Carlin, John B and Ostensen, Harald and Amin, Ruhul and De Campo, Margaret and Greenberg, David and Lagos, Rosanna and Lucero, Marilla G and Madhi, Shabir A and others},
journal={Bulletin of The World Health Organization},
volume={83},
number={5},
pages={353--359},
year={2005}}
    

@conference{Shin2016Learning,
  title={Learning to Read Chest X-Rays: Recurrent Neural Cascade Model for Automated Image Annotation},
  author={Shin, Hoo Chang and Roberts, Kirk and Lu, Le and Demner-Fushman, Dina and Yao, Jianhua and Summers, Ronald M},
  booktitle={Computer Vision \& Pattern Recognition},
  year={2016},
}
@Misc{timmurphy.org,
howpublished = {\url{https://www.nlm.nih.gov/mesh/meshhome.html}},
title = {Mesh: Medical subject headings},
}

@article{Wang2017ChestX,
title={ChestX-Ray8: Hospital-Scale Chest X-Ray Database and Benchmarks on Weakly-Supervised Classification and Localization of Common Thorax Diseases},
author={Wang, Xiaosong and Peng, Yifan and Lu, Le and Lu, Zhiyong and Bagheri, Mohammadhadi and Summers, Ronald M},
journal={computer vision and pattern recognition},
pages={3462--3471},
year={2017}}
    

@article{Rajpurkar2017CheXNet,
title={CheXNet: Radiologist-Level Pneumonia Detection on Chest X-Rays with Deep Learning},
author={Rajpurkar, Pranav and Irvin, Jeremy and Zhu, Kaylie and Yang, Brandon and Mehta, Hershel and Duan, Tony and Ding, Daisy and Bagul, Aarti and Langlotz, Curtis P and Shpanskaya, Katie and others},
journal={arXiv: Computer Vision and Pattern Recognition},
year={2017}}
    
@inproceedings{Wang2018TieNet,
  title={TieNet: Text-Image Embedding Network for Common Thorax Disease Classification and Reporting in Chest X-Rays},
  author={Wang, Xiaosong and Peng, Yifan and Le, Lu and Lu, Zhiyong and Summers, Ronald M.},
  booktitle={IEEE CVPR 2018},
  year={2018},
}

@article{Yorozu1987Electron,
  title={Electron Spectroscopy Studies on Magneto-Optical Media and Plastic Substrate Interface},
  author={Yorozu, T. and Hirano, M. and Oka, K. and Tagawa, Y.},
  journal={IEEE Translation Journal on Magnetics in Japan},
  volume={2},
  number={8},
  pages={740-741},
  year={1987},
}

@article{Zreik2018A,
  title={A Recurrent CNN for Automatic Detection and Classification of Coronary Artery Plaque and Stenosis in Coronary CT Angiography},
  author={Zreik, Majd and Hamersvelt, Robbert W. Van and Wolterink, Jelmer M. and Leiner, Tim and Isgum, Ivana},
  journal={IEEE Transactions on Medical Imaging},
  volume={PP},
  number={99},
  pages={1-1},
  year={2018},
}

@incollection{Shin2017Three,
  title={Three Aspects on Using Convolutional Neural Networks for Computer-Aided Detection in Medical Imaging},
  author={Shin, Hoo-Chang and Roth, Holger R and Gao, Mingchen and Lu, Le and Xu, Ziyue and Nogues, Isabella and Yao, Jianhua and Mollura, Daniel and Summers, Ronald M},
  booktitle={Deep Learning and Convolutional Neural Networks for Medical Image Computing},
  pages={113--136},
  year={2017},
  publisher={Springer}
}

@inproceedings{Donahue2015Long,
  title={Long-term recurrent convolutional networks for visual recognition and description},
  author={Donahue, Jeffrey and Anne Hendricks, Lisa and Guadarrama, Sergio and Rohrbach, Marcus and Venugopalan, Subhashini and Saenko, Kate and Darrell, Trevor},
  booktitle={Proceedings of the IEEE conference on computer vision and pattern recognition},
  pages={2625--2634},
  year={2015}
}
    

@article{Aafaq2019Spatio,
  title={Spatio-Temporal Dynamics and Semantic Attribute Enriched Visual Encoding for Video Captioning},
  author={Aafaq, Nayyer and Akhtar, Naveed and Liu, Wei and Gilani, Syed Zulqarnain and Mian, Ajmal},
  journal={arXiv preprint arXiv:1902.10322},
  year={2019}
}

@article{simonyan2015very,
title={Very Deep Convolutional Networks for Large-Scale Image Recognition},
author={Simonyan, Karen and Zisserman, Andrew},
journal={international conference on learning representations},
year={2015}}
@article{szegedy2016rethinking,
title={Rethinking the Inception Architecture for Computer Vision},
author={Szegedy, Christian and Vanhoucke, Vincent and Ioffe, Sergey and Shlens, Jonathon and Wojna, Zbigniew},
journal={computer vision and pattern recognition},
pages={2818--2826},
year={2016}}
@article{he2016deep,
title={Deep Residual Learning for Image Recognition},
author={He, Kaiming and Zhang, Xiangyu and Ren, Shaoqing and Sun, Jian},
journal={computer vision and pattern recognition},
pages={770--778},
year={2016}}

@article{hochreiter1997long,
title={Long short-term memory},
author={Hochreiter, Sepp and Schmidhuber, Jurgen},
journal={Neural Computation},
volume={9},
number={8},
pages={1735--1780},
year={1997}}
    
@article{simonyan2014two-stream,
title={Two-Stream Convolutional Networks for Action Recognition in Videos},
author={Simonyan, Karen and Zisserman, Andrew},
journal={neural information processing systems},
pages={568--576},
year={2014}}
    
@article{feichtenhofer2016convolutional,
title={Convolutional Two-Stream Network Fusion for Video Action Recognition},
author={Feichtenhofer, Christoph and Pinz, Axel and Zisserman, Andrew},
journal={computer vision and pattern recognition},
pages={1933--1941},
year={2016}}
    
@article{lin2014network,
title={Network In Network},
author={Lin, Min and Chen, Qiang and Yan, Shuicheng},
journal={international conference on learning representations},
year={2014}}
  
@article{ILSVRC15,
Author = {Olga Russakovsky and Jia Deng and Hao Su and Jonathan Krause and Sanjeev Satheesh and Sean Ma and Zhiheng Huang and Andrej Karpathy and Aditya Khosla and Michael Bernstein and Alexander C. Berg and Li Fei-Fei},
Title = {{ImageNet Large Scale Visual Recognition Challenge}},
Year = {2015},
journal   = {International Journal of Computer Vision (IJCV)},
doi = {10.1007/s11263-015-0816-y},
volume={115},
number={3},
pages={211-252}
}

@article{gao2018holistic,
  title={Holistic classification of CT attenuation patterns for interstitial lung diseases via deep convolutional neural networks},
  author={Gao, Mingchen and Bagci, Ulas and Lu, Le and Wu, Aaron and Buty, Mario and Shin, Hoo-Chang and Roth, Holger and Papadakis, Georgios Z and Depeursinge, Adrien and Summers, Ronald M and others},
  journal={Computer Methods in Biomechanics and Biomedical Engineering: Imaging \& Visualization},
  volume={6},
  number={1},
  pages={1--6},
  year={2018},
  publisher={Taylor \& Francis}
}

@article{Aaa2016Validation,
  title={Validation, comparison, and combination of algorithms for automatic detection of pulmonary nodules in computed tomography images: The LUNA16 challenge.},
  author={Aaa, Setio and Traverso, A and De, Bel T and Msn, Berens and Cvd, Bogaard and Cerello, P and Chen, H. and Dou, Q. and Fantacci, M. E. and Geurts, B},
  journal={Medical Image Analysis},
  volume={42},
  pages={1-13},
  year={2016},
}


@inproceedings{mikolov2013distributed,
  title={Distributed representations of words and phrases and their compositionality},
  author={Mikolov, Tomas and Sutskever, Ilya and Chen, Kai and Corrado, Greg S and Dean, Jeff},
  booktitle={Advances in neural information processing systems},
  pages={3111--3119},
  year={2013}
}

@article{mikolov2013efficient,
  title={Efficient estimation of word representations in vector space},
  author={Mikolov, Tomas and Chen, Kai and Corrado, Greg and Dean, Jeffrey},
  journal={arXiv preprint arXiv:1301.3781},
  year={2013}
}

@article{yao2017learning,
  title={Learning to diagnose from scratch by exploiting dependencies among labels},
  author={Yao, Li and Poblenz, Eric and Dagunts, Dmitry and Covington, Ben and Bernard, Devon and Lyman, Kevin},
  journal={arXiv preprint arXiv:1710.10501},
  year={2017}
}

@article{chung2014empirical,
  title={Empirical evaluation of gated recurrent neural networks on sequence modeling},
  author={Chung, Junyoung and Gulcehre, Caglar and Cho, KyungHyun and Bengio, Yoshua},
  journal={arXiv preprint arXiv:1412.3555},
  year={2014}
}

@article{kosasih2014wavelet,
  title={Wavelet augmented cough analysis for rapid childhood pneumonia diagnosis},
  author={Kosasih, Keegan and Abeyratne, Udantha R and Swarnkar, Vinayak and Triasih, Rina},
  journal={IEEE Transactions on Biomedical Engineering},
  volume={62},
  number={4},
  pages={1185--1194},
  year={2014},
  publisher={IEEE}
}

@inproceedings{xiaojian2011analysis,
  title={Analysis of pathogens of pneumonia in children based on aprior algorithm},
  author={Xiaojian, Mao and Heyong, Wang},
  booktitle={2011 IEEE International Symposium on IT in Medicine and Education},
  volume={1},
  pages={460--463},
  year={2011},
  organization={IEEE}
}

@inproceedings{deepika2018classification,
  title={Classification of Lobar Pneumonia by Two Different Classifiers in Lung CT Images},
  author={Deepika, N and Vinupritha, P and Kathirvelu, D},
  booktitle={2018 International Conference on Communication and Signal Processing (ICCSP)},
  pages={0552--0556},
  year={2018},
  organization={IEEE}
}

@inproceedings{huang2014design,
  title={Design of a clinical decision support model for predicting pneumonia readmission},
  author={Huang, Jhih Siou and Chen, Yung Fu and Hsu, Jiin Chyr},
  booktitle={2014 International Symposium on Computer, Consumer and Control},
  pages={1179--1182},
  year={2014},
  organization={IEEE}
}

@article{korfiatis2009texture,
  title={Texture-based identification and characterization of interstitial pneumonia patterns in lung multidetector CT},
  author={Korfiatis, Panayiotis D and Karahaliou, Anna N and Kazantzi, Alexandra D and Kalogeropoulou, Cristina and Costaridou, Lena I},
  journal={IEEE Transactions on Information Technology in Biomedicine},
  volume={14},
  number={3},
  pages={675--680},
  year={2009},
  publisher={IEEE}
}

@article{shi2017multimodal,
  title={Multimodal neuroimaging feature learning with multimodal stacked deep polynomial networks for diagnosis of Alzheimer's disease},
  author={Shi, Jun and Zheng, Xiao and Li, Yan and Zhang, Qi and Ying, Shihui},
  journal={IEEE journal of biomedical and health informatics},
  volume={22},
  number={1},
  pages={173--183},
  year={2017},
  publisher={IEEE}
}

@article{wu2018master,
  title={Master clinical medical knowledge at certificated-doctor-level with deep learning model},
  author={Wu, Ji and Liu, Xien and Zhang, Xiao and He, Zhiyang and Lv, Ping},
  journal={Nature communications},
  volume={9},
  number={1},
  pages={4352},
  year={2018},
  publisher={Nature Publishing Group}
}