@article{Wild2014International,
  title={International Agency for Research on Cancer},
  author={Wild, C. P.},
  journal={Encyclopedia of Toxicology},
  volume={133},
  number={9},
  pages={1067-1069},
  year={2014},
}
@article{Bach2012Benefits,
  title={Benefits and Harms of CT Screening for Lung Cancer: A Systematic Review},
  author={Bach, Peter B. and Mirkin, Joshua N. and Oliver, Thomas K. and Azzoli, Christopher G. and Berry, Donald A. and Brawley, Otis W. and Byers, Tim and Colditz, Graham A. and Gould, Michael K. and Jett, James R.},
  journal={Jama the Journal of the American Medical Association},
  volume={307},
  number={22},
  pages={2418},
  year={2012},
}
@article{Macmahon2005Guidelines,
  title={Guidelines for management of small pulmonary nodules detected on CT scans: a statement from the Fleischner Society.},
  author={Macmahon, H and Austin, J. H. and Gamsu, G and Herold, C. J. and Jett, J. R. and Naidich, D. P. and Jr, Patz Ef and Swensen, S. J.},
  journal={Radiology},
  volume={237},
  number={2},
  pages={395-400},
  year={2005},
}
@article{Chen2016A,
  title={A mixed reality approach for stereo-tomographic quantification of lung nodules},
  author={Chen, M. and Kalra, M. K. and Yun, W. and Cong, W. and Yang, Q. and Nguyen, T and Wei, B. and Wang, G.},
  journal={Journal of X-ray science and technology},
  volume={24},
  number={4},
  year={2016},
}
@inproceedings{Wu2018Joint,
  title={Joint learning for pulmonary nodule segmentation, attributes and malignancy prediction},
  author={Wu, Botong and Zhou, Zhen and Wang, Jianwei and Wang, Yizhou},
  booktitle={IEEE  International Symposium on Biomedical Imaging},
  pages={1109-1113},
  year={2018},
}
@article{Yorozu1987Electron,
  title={Electron Spectroscopy Studies on Magneto-Optical Media and Plastic Substrate Interface},
  author={Yorozu, T and Hirano, M and Oka, K and Tagawa, Y},
  journal={IEEE Translation Journal on Magnetics in Japan},
  volume={2},
  number={8},
  pages={740-741},
  year={1987},
}
@article{Qi2016Multilevel,
  title={Multilevel Contextual 3-D CNNs for False Positive Reduction in Pulmonary Nodule Detection},
  author={Qi, Dou and Hao, Chen and Yu, Lequan and Jing, Qin and Heng, Pheng Ann},
  journal={IEEE transactions on bio-medical engineering},
  volume={64},
  number={7},
  pages={1558-1567},
  year={2016},
}
@article{Shen2017Multi,
  title={Multi-crop Convolutional Neural Networks for lung nodule malignancy suspiciousness classification},
  author={Shen, Wei and Zhou, Mu and Yang, Feng and Yu, Dongdong and Dong, Di and Yang, Caiyun and Zang, Yali and Tian, Jie},
  journal={Pattern Recognition},
  volume={61},
  number={61},
  pages={663-673},
  year={2017},
}
@article{Shen2015Multi,
  title={Multi-scale Convolutional Neural Networks for Lung Nodule Classification},
  author={Shen, Wei and Zhou, Mu and Yang, Feng and Yang, Caiyun and Tian, Jie},
  journal={Inf Process Med Imaging},
  volume={24},
  pages={588-599},
  year={2015},
}
@article{Causey2018Highly,
  title={Highly accurate model for prediction of lung nodule malignancy with CT scans},
  author={Causey, J. L. and Zhang, J. and Ma, S. and Jiang, B. and Qualls, J. A. and Politte, D. G. and Prior, F and Zhang, S. and Huang, X.},
  journal={Scientific Reports},
  volume={8},
  number={1},
  pages={9286},
  year={2018},
}
@book{Hussein2017Risk,
  title={Risk Stratification of Lung Nodules Using 3D CNN-Based Multi-task Learning},
  author={Hussein, Sarfaraz and Cao, Kunlin and Song, Qi and Bagci, Ulas},
  pages={249-260},
  year={2017},
}
@article{Xie2017Fusing,
  title={Fusing Texture, Shape and Deep Model-Learned Information at Decision Level for Automated Classification of Lung Nodules on Chest CT},
  author={Xie, Yutong and Zhang, Jianpeng and Xia, Yong and Fulham, Michael and Zhang, Yanning},
  journal={Information Fusion},
  volume={42},
  year={2017},
}
@article{Aerts2014Decoding,
  title={Decoding tumour phenotype by noninvasive imaging using a quantitative radiomics approach},
  author={Aerts, Hugo J. W. L. and Velazquez, Emmanuel Rios and Leijenaar, Ralph T. H. and Parmar, Chintan and Grossmann, Patrick and Carvalho, Sara and Bussink, Johan and Monshouwer, René and Haibekains, Benjamin and Rietveld, Derek},
  journal={Nature Communications},
  volume={5},
  pages={4006},
  year={2014},
}
@article{Armato2010WE,
  title={WE‐B‐201B‐02: The Lung Image Database Consortium (LIDC) and Image Database Resource Initiative (IDRI): A Completed Public Database of CT Scans for Lung Nodule Analysis},
  author={Armato, S. and Mclennan, G. and Mcnitt‐Gray, M. and Meyer, C. and Reeves, A. and Bidaut, L. and Zhao, B. and Croft, B. and Clarke, L.},
  journal={Medical Physics},
  volume={37},
  number={6Part6},
  pages={3416-3417},
  year={2010},
}
@article{Aaa2016Validation,
  title={Validation, comparison, and combination of algorithms for automatic detection of pulmonary nodules in computed tomography images: The LUNA16 challenge.},
  author={Aaa, Setio and Traverso, A and De, Bel T and Msn, Berens and Cvd, Bogaard and Cerello, P and Chen, H. and Dou, Q. and Fantacci, M. E. and Geurts, B},
  journal={Medical Image Analysis},
  volume={42},
  pages={1-13},
  year={2016},
}
@article{Greenspan2016Guest,
  title={Guest Editorial Deep Learning in Medical Imaging: Overview and Future Promise of an Exciting New Technique},
  author={Greenspan, Hayit and Ginneken, Bram Van and Summers, Ronald M.},
  journal={IEEE Transactions on Medical Imaging},
  volume={35},
  number={5},
  pages={1153-1159},
  year={2016},
}
@article{Kang20173D,
  title={3D multi-view convolutional neural networks for lung nodule classification},
  author={Kang, Guixia and Liu, Kui and Hou, Beibei and Zhang, Ningbo},
  journal={Plos One},
  volume={12},
  number={11},
  pages={12-22},
  year={2017},
}

@article{shen2019interpretable,
  title={An Interpretable Deep Hierarchical Semantic Convolutional Neural Network for Lung Nodule Malignancy Classification},
  author={Shen, Shiwen and Han, Simon X and Aberle, Denise R and Bui, Alex A and Hsu, William},
  journal={Expert Systems with Applications},
  year={2019},
  publisher={Elsevier}
}

@article{rajpurkar2017chexnet,
  title={Chexnet: Radiologist-level pneumonia detection on chest x-rays with deep learning},
  author={Rajpurkar, Pranav and Irvin, Jeremy and Zhu, Kaylie and Yang, Brandon and Mehta, Hershel and Duan, Tony and Ding, Daisy and Bagul, Aarti and Langlotz, Curtis and Shpanskaya, Katie and others},
  journal={arXiv preprint arXiv:1711.05225},
  year={2017}
}
@inproceedings{wang2018tienet,
  title={Tienet: Text-image embedding network for common thorax disease classification and reporting in chest x-rays},
  author={Wang, Xiaosong and Peng, Yifan and Lu, Le and Lu, Zhiyong and Summers, Ronald M},
  booktitle={Proceedings of the IEEE conference on computer vision and pattern recognition},
  pages={9049--9058},
  year={2018}
}

@article{nanwu2019dnn,
  title={Deep Neural Networks Improve Radiologists' Performance in Breast Cancer Screening},
  author={Nan Wu, Jason Phang, Jungkyu Park, Yiqiu Shen, Zhe Huang, Masha Zorin, Stanisław Jastrzębski, Thibault Févry and others},
  journal={arXiv preprint arXiv:1903.08297v1},
  year={2019}
}